<record><leader>00000cas a22000007a 4500</leader><controlfield tag="001">10968703</controlfield><controlfield tag="008">840719d18491857vauwr ne      0    0eng d</controlfield><datafield ind1=" " ind2=" " tag="010"><subfield code="a">sn 84024652 </subfield></datafield><datafield ind1=" " ind2=" " tag="040"><subfield code="a">NPV</subfield><subfield code="b">eng</subfield><subfield code="c">NPV</subfield><subfield code="d">NPY</subfield><subfield code="d">NPX</subfield><subfield code="d">DLC</subfield><subfield code="d">NVK</subfield><subfield code="d">FUG</subfield><subfield code="d">NVK</subfield><subfield code="d">OCL</subfield><subfield code="d">OCLCQ</subfield><subfield code="d">OCLCF</subfield><subfield code="d">OCLCO</subfield></datafield><datafield ind1="1" ind2=" " tag="029"><subfield code="a">AU@</subfield><subfield code="b">000020119879</subfield></datafield><datafield ind1=" " ind2=" " tag="042"><subfield code="a">msc</subfield></datafield><datafield ind1=" " ind2=" " tag="043"><subfield code="a">n-us-va</subfield></datafield><datafield ind1="0" ind2=" " tag="130"><subfield code="a">Republican vindicator (Staunton, Va.)</subfield></datafield><datafield ind1="1" ind2="0" tag="245"><subfield code="a">Republican vindicator.</subfield></datafield><datafield ind1="1" ind2="3" tag="246"><subfield code="a">Vindicator</subfield></datafield><datafield ind1="1" ind2=" " tag="246"><subfield code="i">Published during &lt;1852&gt; as:</subfield><subfield code="a">Republican vindicator and farmer's journal</subfield></datafield><datafield ind1=" " ind2=" " tag="260"><subfield code="a">Staunton, Va. :</subfield><subfield code="b">Stevenson &amp; Geiger,</subfield><subfield code="c">1849-1857.</subfield></datafield><datafield ind1=" " ind2=" " tag="300"><subfield code="a">9 v. :</subfield><subfield code="b">ill. ;</subfield><subfield code="c">64 cm.</subfield></datafield><datafield ind1=" " ind2=" " tag="310"><subfield code="a">Weekly</subfield></datafield><datafield ind1="0" ind2=" " tag="362"><subfield code="a">Vol. 5, no. 1 (Jan. 1, 1849)-v. 13, no. 52 (Dec. 26, 1857).</subfield></datafield><datafield ind1=" " ind2=" " tag="500"><subfield code="a">Publisher varies: Koiner, Harmon, &amp; Yost, &lt;1854&gt;; Koiner &amp; Yost, &lt;1855&gt;; Absolom Koiner, &lt;July 26, 1856&gt;; Michie &amp; F.S. Alfred, &lt;Feb. 1857&gt;-</subfield></datafield><datafield ind1=" " ind2=" " tag="500"><subfield code="a">"The Union based upon the Constitution."</subfield></datafield><datafield ind1=" " ind2=" " tag="515"><subfield code="a">Continues numbering of Aug.a Democrat.</subfield></datafield><datafield ind1=" " ind2=" " tag="588"><subfield code="a">Description based on: Vol. 5, no. 26 (June 25, 1849).</subfield></datafield><datafield ind1=" " ind2="0" tag="651"><subfield code="a">Staunton (Va.)</subfield><subfield code="v">Newspapers.</subfield></datafield><datafield ind1=" " ind2="0" tag="651"><subfield code="a">Augusta County (Va.)</subfield><subfield code="v">Newspapers.</subfield></datafield><datafield ind1=" " ind2="7" tag="655"><subfield code="a">Newspapers.</subfield><subfield code="2">fast</subfield><subfield code="0">(OCoLC)fst01423814</subfield></datafield><datafield ind1=" " ind2="7" tag="651"><subfield code="a">Virginia</subfield><subfield code="z">Augusta County.</subfield><subfield code="2">fast</subfield><subfield code="0">(OCoLC)fst01206013</subfield></datafield><datafield ind1=" " ind2="7" tag="651"><subfield code="a">Virginia</subfield><subfield code="z">Staunton.</subfield><subfield code="2">fast</subfield><subfield code="0">(OCoLC)fst01204696</subfield></datafield><datafield ind1=" " ind2=" " tag="752"><subfield code="a">United States</subfield><subfield code="b">Virginia</subfield><subfield code="d">Staunton.</subfield></datafield><datafield ind1="0" ind2="0" tag="780"><subfield code="t">Augusta Democrat</subfield><subfield code="w">(DLC)sn 86071886</subfield><subfield code="w">(OCoLC)14185772</subfield></datafield><datafield ind1="0" ind2="0" tag="785"><subfield code="t">Staunton vindicator (Staunton, Va. : 1858)</subfield><subfield code="w">(DLC)sn 96027383</subfield><subfield code="w">(OCoLC)34541504</subfield></datafield></record>